@book{A21,
  title={Perverse Sheaves and Applications to Representation Theory},
  author={Achar, P.N.},
  isbn={9781470455972},
  lccn={2021015561},
  series={Mathematical Surveys and Monographs},
  url={https://books.google.co.uk/books?id=8-J9zgEACAAJ},
  year={2021},
  publisher={American Mathematical Society}
}

@misc{ALBM24,
      title={A 6-functor formalism for solid quasi-coherent sheaves on the Fargues-Fontaine curve}, 
      author={Johannes Anschütz and Arthur-César Le Bras and Lucas Mann},
      year={2024},
      eprint={2412.20968},
      archivePrefix={arXiv},
      primaryClass={math.AG},
      url={https://arxiv.org/abs/2412.20968}, 
}

@misc{AM24,
      title={Descent for solid quasi-coherent sheaves on perfectoid spaces}, 
      author={Johannes Anschütz and Lucas Mann},
      year={2024},
      eprint={2403.01951},
      archivePrefix={arXiv},
      primaryClass={math.AG},
      url={https://arxiv.org/abs/2403.01951}, 
}

@misc{Artin-96,
  author = {Artin},
  year = {1996},
  title        = {Deformation Theory},
  url = {https://www.maths.ed.ac.uk/~ssierra/artin_notes_deformationthy.pdf}
}

@misc{AG-17,
      title={The category of singularities as a crystal and global Springer fibers}, 
      author={D. Arinkin and D. Gaitsgory},
      year={2017},
      archivePrefix={arXiv},
      url = {https://arxiv.org/abs/1412.4394}
}

@misc{Ans19,
  author = {Anschütz, Johannes},
  title = {Lectures on the Fargues--Fontaine curve},
  year = {2019},
  url = {https://janschuetz.perso.math.cnrs.fr/skripte/vorlesung_the_curve.pdf}
}

@misc{Bam16,
      title={On a generalization of affinoid varieties}, 
      author={Federico Bambozzi},
      year={2016},
      eprint={1401.5702},
      archivePrefix={arXiv},
      primaryClass={math.AG},
      url={https://arxiv.org/abs/1401.5702}, 
}

@misc{Bar12,
      title={D-modules on Spaces of Rational Maps and on other Generic Data}, 
      author={Jonathan Barlev},
      year={2012},
      eprint={1204.3469},
      archivePrefix={arXiv},
      primaryClass={math.RT}
}

@misc{BBK24,
      title={A Perspective on the Foundations of Derived Analytic Geometry}, 
      author={Oren Ben-Bassat and Jack Kelly and Kobi Kremnizer},
      year={2024},
      eprint={2405.07936},
      archivePrefix={arXiv},
      primaryClass={math.AG},
      url={https://arxiv.org/abs/2405.07936}, 
}

@article{BB16,
   title={Dagger geometry as Banach algebraic geometry},
   volume={162},
   ISSN={0022-314X},
   url={http://dx.doi.org/10.1016/j.jnt.2015.10.023},
   DOI={10.1016/j.jnt.2015.10.023},
   journal={Journal of Number Theory},
   publisher={Elsevier BV},
   author={Bambozzi, Federico and Ben-Bassat, Oren},
   year={2016},
   month=may, pages={391–462} }


@misc{BB-93,
  shorthand = {BB-93},
  author       = {Beilinson, Alexander and Bernstein, Joseph},
  title        = {Proof of Jantzen Conjecture},
  year         = {1993}
}

@misc{BD,
  shorthand = {BD},
  author = {Beilinson, Alexander and Drinfeld, Vladimir},
  title = {Quantization of Hitchin's Integrable System and Hecke Eigensheaves},
  url = {https://math.uchicago.edu/~drinfeld/langlands/QuantizationHitchin.pdf}
}

@misc{BDSeminar,
  shorthand = {BDSeminar},
  author       = {Lurie, Jacob},
  title        = {Notes on Crystals and Algebraic D-modules},
  url = {https://people.math.harvard.edu/~gaitsgde/grad_2009/SeminarNotes/Nov17-19(Crystals).pdf}
}

@misc{BDSeminar2,
  shorthand = {BDSeminar2},
  author = {Gomez, Tomas},
  url = {https://people.math.harvard.edu/~gaitsgde/grad_2009/Tomas.pdf}
}

@article{BK17,
   title={Non-Archimedean analytic geometry as relative algebraic geometry},
   url={http://dx.doi.org/10.5802/afst.1526},
   author={Ben-Bassat, Oren and Kremnizer, Kobi},
   year={2017}}

@article{BL94,
   title={Conformal blocks and generalized theta functions},
   volume={164},
   ISSN={1432-0916},
   url={http://dx.doi.org/10.1007/BF02101707},
   DOI={10.1007/bf02101707},
   number={2},
   journal={Communications in Mathematical Physics},
   publisher={Springer Science and Business Media LLC},
   author={Beauville, Arnaud and Laszlo, Yves},
   year={1994},
   month=aug, pages={385–419} }


@misc{Bro19,
      title={Duality for commutative group stacks}, 
      author={Sylvain Brochard},
      year={2019},
      eprint={1404.0285},
      archivePrefix={arXiv},
      primaryClass={math.AG}
}

@misc{BS14,
      title={The pro-\'etale topology for schemes}, 
      author={Bhargav Bhatt and Peter Scholze},
      year={2014},
      eprint={1309.1198},
      archivePrefix={arXiv},
      primaryClass={math.AG},
      url={https://arxiv.org/abs/1309.1198}, 
}

@misc{BS17,
      title={Projectivity of the Witt vector affine Grassmannian}, 
      author={Bhargav Bhatt and Peter Scholze},
      year={2017},
      eprint={1507.06490},
      archivePrefix={arXiv},
      primaryClass={math.AG},
      url={https://arxiv.org/abs/1507.06490}, 
}

@misc{BZN15,
      title={The Character Theory of a Complex Group}, 
      author={David Ben-Zvi and David Nadler},
      year={2015},
      eprint={0904.1247},
      archivePrefix={arXiv},
      primaryClass={math.RT},
      url = {https://arxiv.org/abs/0904.1247}
}

@misc{Cam24,
      title={The analytic de Rham stack in rigid geometry}, 
      author={Juan Esteban Rodríguez Camargo},
      year={2024},
      eprint={2401.07738},
      archivePrefix={arXiv},
      primaryClass={math.AG},
      url={https://arxiv.org/abs/2401.07738}, 
}

@misc{Camp17,
      title={Unramified geometric class field theory and Cartier duality}, 
      author={Justin Campbell},
      year={2017},
      eprint={1710.02892v1},
      archivePrefix={arXiv},
      primaryClass={math.AG}
}

@misc{CH21,
      title={Geometric class field theory and Cartier duality}, 
      author={Justin Campbell and Andreas Hayash},
      year={2021},
      eprint={1710.02892},
      archivePrefix={arXiv},
      primaryClass={math.AG}
}

@book{Cis19, 
  place={Cambridge}, 
  series={Cambridge Studies in Advanced Mathematics}, 
  title={Higher Categories and Homotopical Algebra}, 
  DOI={10.1017/9781108588737}, 
  publisher={Cambridge University Press}, 
  author={Cisinski, Denis-Charles}, 
  year={2019}, 
  collection={Cambridge Studies in Advanced Mathematics}
}

@misc{CS23,
  author = {Dustin Clausen and Peter Scholze},
  title = {Analytic stacks},
  year = {2023},
  url = {https://www.youtube.com/playlist?list=PLx5f8IelFRgGmu6gmL-Kf_Rl_6Mm7juZO}
}

@misc{Dan,
  author = {Dang, Thuong Tuan},
  title = {p-adic Galois representations and phi-gamma-modules},
  url = {https://www.math.u-bordeaux.fr/~ybilu/algant/documents/theses/Dang.pdf}
}

@InProceedings{De73,
author="Deligne, P.",
title="La formule de dualite globale",
booktitle="Th{\'e}orie des Topos et Cohomologie Etale des Sch{\'e}mas",
year="1973",
publisher="Springer Berlin Heidelberg",
address="Berlin, Heidelberg",
pages="481--587",
isbn="978-3-540-38124-2"
}


@article{D83,
  title={Two-Dimensional l-Adic Representations of the Fundamental Group of a Curve Over a Finite Field and Automorphic Forms on GL(2)},
  author={Drinfeld, Vladmir},
  journal={American Journal of Mathematics},
  year={1983},
  volume={105},
  pages={85}
}

@misc{Far24,
  author = {Fargues, Laurent},
  title = {EILENBERG/HAUSDORFF LECTURES
    ON THE GEOMETRIZATION OF THE
    LOCAL LANGLANDS
    CORRESPONDENCE},
  year = {2024}
}

@misc{F03,
      title={Recent Advances in the Langlands Program}, 
      author={Frenkel, Edward},
      year={2003},
      url = {https://arxiv.org/abs/math/0303074}
}

@book{FF18,
  author = {Fargues, Laurent and Fontaine, Jean-Marc},
  title = {Courbes et fibrés vectoriels en théorie de Hodge p-adique},
  year = {2018}
}

@misc{FG06,

  doi = {10.48550/ARXIV.MATH/0508382},
  
  url = {https://arxiv.org/abs/math/0508382},
  
  author = {Frenkel, Edward and Gaitsgory, Dennis},
  
  title = {Local geometric Langlands correspondence and affine Kac-Moody algebras},
  
  publisher = {arXiv},
  
  year = {2006}
}

@misc{FS24,
      title={Geometrization of the local Langlands correspondence}, 
      author={Laurent Fargues and Peter Scholze},
      year={2024},
      eprint={2102.13459},
      archivePrefix={arXiv},
      primaryClass={math.RT}
}

@misc{Ga12,
      title={Contractibility of the space of rational maps}, 
      author={Dennis Gaitsgory},
      year={2012},
      eprint={1108.1741},
      archivePrefix={arXiv},
      primaryClass={math.AG}
}

@misc{GR14,
  title={Crystals and D-modules}, 
  author={Gaitsgory, Dennis and Rozenblyum, Nick},
  year={2014},
  archivePrefix={arXiv},
  url = {https://arxiv.org/abs/1111.2087}
}

@misc{Gomez,
  shorthand = {Gomez},
  author       = {L. Gomez, Tomas},
  title = {Quantization of Hitchin’s integrable system and the geometric Langlands conjecture},
  url = {https://people.math.harvard.edu/~gaitsgde/grad_2009/Tomas.pdf}
}

@book{HTT,
  title={D-modules, perverse sheaves, and representation theory},
  author={Hotta, Ryoshi and Takeuchi, Kiyoshi and Tanisaki, Toshiyuki},
  volume={236},
  year={2007},
  publisher={Springer Science \& Business Media}
}

@misc{Ked15,
      title={New methods for (phi, Gamma)-modules}, 
      author={Kiran S. Kedlaya},
      year={2015},
      eprint={1307.2937},
      archivePrefix={arXiv},
      primaryClass={math.NT},
      url={https://arxiv.org/abs/1307.2937}, 
}

@misc{kerodon,
  author       = {Jacob Lurie},
  title        = {Kerodon},
  howpublished = {\url{https://kerodon.net}},
  year         = {2025},
}

@misc{KL15,
      title={Relative p-adic Hodge theory: Foundations}, 
      author={Kiran S. Kedlaya and Ruochuan Liu},
      year={2015},
      eprint={1301.0792},
      archivePrefix={arXiv},
      primaryClass={math.NT},
      url={https://arxiv.org/abs/1301.0792}, 
}

@article{Kot85,
     author = {Kottwitz, Robert E.},
     title = {Isocrystals with additional structure},
     journal = {Compositio Mathematica},
     pages = {201--220},
     publisher = {Martinus Nijhoff Publishers},
     volume = {56},
     number = {2},
     year = {1985},
     mrnumber = {809866},
     zbl = {0597.20038},
     language = {en},
     url = {http://www.numdam.org/item/CM_1985__56_2_201_0/}
}

@article{Kot97, 
  title={Isocrystals with additional structure. II}, 
  volume={109}, 
  DOI={10.1023/A:1000102604688}, 
  number={3}, 
  journal={Compositio Mathematica}, 
  author={Kottwitz, Robert E.}, 
  year={1997}, 
  pages={255–339}
}

@misc{KW,
  author       = {Kiehl, Reinhardt and Weissauer, Rainer},
  title        = {Weil Conjectures, Perverse Sheaves and l-adic Fourier Transform}
}

@article{Lang56,
 ISSN = {00029327, 10806377},
 URL = {http://www.jstor.org/stable/2372673},
 author = {Serge Lang},
 journal = {American Journal of Mathematics},
 number = {3},
 pages = {555--563},
 publisher = {Johns Hopkins University Press},
 title = {Algebraic Groups Over Finite Fields},
 urldate = {2023-10-03},
 volume = {78},
 year = {1956}
}

@misc{Laf18,
      title={Chtoucas pour les groupes r\'eductifs et param\'etrisation de Langlands globale}, 
      author={Vincent Lafforgue},
      year={2018},
      eprint={1209.5352},
      archivePrefix={arXiv},
      primaryClass={math.AG},
      url={https://arxiv.org/abs/1209.5352}, 
}

@misc{lurie-HTT,
      title={Higher Topos Theory}, 
      author={Lurie, Jacob},
      year={2008},
      eprint={math/0608040},
      archivePrefix={arXiv},
      primaryClass={math.CT}
}

@unpublished{lurie-HA,
    author = {Lurie, Jacob},
    title = {Higher algebra},
    year = {2017},
    month = {09},
    note = {Unpublished. Available online at \url{https://www.math.ias.edu/~lurie/}}
}

@unpublished{Lurie282y13,
  author = {Lurie, Jacob},
  note   = {Unpublished. Available online at \url{https://www.math.ias.edu/~lurie/282ynotes/LectureXIII-Trivialization.pdf}},
  title  = {Existence of Generic Trivializations (Lecture 13)}
}

@misc{Mat18,
  author = {Akhil Mathew},
  title = {Course notes on perfectoid spaces},
  year = {2018},
  url = {https://math.uchicago.edu/~amathew/notes.pdf}
}

@misc{Mic,
  author       = {Peter Michor},
  title        = {Topics in Differential Geometry},
  url          = {https://www.mat.univie.ac.at/~michor/dgbook.pdf},
}

@book{milne, 
  place={Cambridge}, 
  series={Cambridge Studies in Advanced Mathematics}, 
  title={Algebraic Groups: The Theory of Group Schemes of Finite Type over a Field}, 
  DOI={10.1017/9781316711736}, 
  publisher={Cambridge University Press}, 
  author={Milne, J. S.}, 
  year={2017}, 
  collection={Cambridge Studies in Advanced Mathematics}
}

@misc{milneLEC,
author={Milne, James S.},
title={Lectures on Etale Cohomology (v2.21)},
year={2013},
note={Available at www.jmilne.org/math/},
pages={202}
}

@misc{Mor19,
  author = {Morel, Sophie},
  title = {Adic spaces},
  year = {2019},
  url = {https://web.math.princeton.edu/~smorel/adic_notes.pdf}
}

@book{Nes21,
  author         = {Jet Nestruev},
  publisher      = {Springer Cham},
  title          = {Smooth Manifolds and Observables},
  year           = {2021}
}

@article{NRS19,
   title={Adjoint functor theorems for infinity categories},
   volume={101},
   ISSN={1469-7750},
   url={http://dx.doi.org/10.1112/jlms.12282},
   DOI={10.1112/jlms.12282},
   number={2},
   journal={Journal of the London Mathematical Society},
   publisher={Wiley},
   author={Nguyen, Hoang Kim and Raptis, George and Schrade, Christoph},
   year={2019},
   month=sep, pages={659–681} }


@misc{Ras20,

  doi = {10.48550/ARXIV.2002.01394},
  
  url = {https://arxiv.org/abs/2002.01394},
  
  author = {Raskin, Sam},
  
  title = {Affine Beilinson-Bernstein localization at the critical level for $GL_2$},
  
  publisher = {arXiv},
  
  year = {2020}
}

@misc{Ric12,
      title={A new approach to the geometric Satake equivalence}, 
      author={Richarz, Timo},
      year={2012},
      eprint={1207.5314},
      archivePrefix={arXiv},
      primaryClass={math.AG}
}


@misc{RY22,
  shorthand = {RY-22},

  doi = {10.48550/ARXIV.2203.13885},
  
  url = {https://arxiv.org/abs/2203.13885},
  
  author = {Yang, David and Raskin, Sam},
  
  title = {Affine Beilinson-Bernstein localization at the critical level},
  
  publisher = {arXiv},
  
  year = {2022}
}

@misc{Sch12,
      title={p-adic Hodge theory for rigid-analytic varieties}, 
      author={Peter Scholze},
      year={2012},
      eprint={1205.3463},
      archivePrefix={arXiv},
      primaryClass={math.AG},
      url={https://arxiv.org/abs/1205.3463}, 
}

@book{Sch13,
  author = {Schneider, Peter},
  title = {Nonarchimedean Functional Analysis},
  year = {2013}
}

@misc{Sch22,
      title={Etale cohomology of diamonds}, 
      author={Peter Scholze},
      year={2022},
      eprint={1709.07343},
      archivePrefix={arXiv},
      primaryClass={math.AG},
      url={https://arxiv.org/abs/1709.07343}, 
}

@book{Ser80,
  author = {Serre, Jean-Pierre},
  title = {Local fields},
  year = {1980}
}

@book{SW20,
 ISBN = {9780691202082},
 URL = {http://www.jstor.org/stable/j.ctvs32rc9},
 author = {Peter Scholze and Jared Weinstein},
 publisher = {Princeton University Press},
 title = {Berkeley Lectures on p-adic Geometry: (AMS-207)},
 year = {2020}
}


@misc{stacks-project,
    shorthand    = {Stacks},
    author       = {The {Stacks Project Authors}},
    title        = {\textit{Stacks Project}},
    howpublished = {\url{https://stacks.math.columbia.edu}},
    year         = {2018},
  }

@incollection{T10,
  TITLE = {{Simplicial presheaves and derived algebraic geometry.}},
  AUTHOR = {Toen, Bertrand},
  URL = {https://hal.science/hal-00772850},
  BOOKTITLE = {{Simplicial Methods for Operads and Algebraic Geometry}},
  PUBLISHER = {{Springer Basel}},
  SERIES = {Advanced Courses in Mathematics - CRM Barcelona},
  PAGES = {119-185},
  YEAR = {2010},
  MONTH = Jan,
  DOI = {10.1007/978-3-0348-0052-5},
  PDF = {https://hal.science/hal-00772850v2/file/crm-2009.pdf},
  HAL_ID = {hal-00772850},
  HAL_VERSION = {v2}
}

@inproceedings{Vog93,
  title={The local Langlands conjecture},
  author={David A. Jr. Vogan},
  year={1993},
  url={https://api.semanticscholar.org/CorpusID:16813529}
}

@misc{War24,
      title={On internally projective sheaves of groups}, 
      author={David Wärn},
      year={2024},
      eprint={2409.12835},
      archivePrefix={arXiv},
      primaryClass={math.CT},
      url={https://arxiv.org/abs/2409.12835}, 
}

@misc{You17,
  author = {Youcis, Alex},
  title = {The Fontaine-Winterberger theorem},
  url = {https://ayoucis.wordpress.com/2017/02/20/the-fontaine-winterberger-theorem-going-full-tilt/},
  year = {2017}
}

@misc{Zhu16,
      title={An introduction to affine Grassmannians and the geometric Satake equivalence}, 
      author={Xinwen Zhu},
      year={2016},
      url = {https://arxiv.org/abs/1603.05593}
}